<?xml version="1.0" encoding="UTF-8"?><record xmlns="http://www.loc.gov/MARC21/slim" xmlns:cinclude="http://apache.org/cocoon/include/1.0" xmlns:zs="http://www.loc.gov/zing/srw/">
  <leader>00994cz  a2200217n  4500</leader>
  <controlfield tag="001">nr2004033417</controlfield>
  <controlfield tag="003">DLC</controlfield>
  <controlfield tag="005">20081003075536.0</controlfield>
  <controlfield tag="008">041103n| acannaabn          |b ana     c</controlfield>
  <datafield tag="010" ind1=" " ind2=" ">
    <subfield code="a">nr2004033417</subfield>
  </datafield>
  <datafield tag="035" ind1=" " ind2=" ">
    <subfield code="a">(OCoLC)oca06487910</subfield>
  </datafield>
  <datafield tag="040" ind1=" " ind2=" ">
    <subfield code="a">NjP-G</subfield>
    <subfield code="b">eng</subfield>
    <subfield code="c">NjP-G</subfield>
    <subfield code="d">OCoLC</subfield>
  </datafield>
  <datafield tag="110" ind1="2" ind2=" ">
    <subfield code="a">Akita Daigaku.</subfield>
    <subfield code="b">Kyōiku Bunka Gakubu</subfield>
  </datafield>
  <datafield tag="410" ind1="2" ind2=" ">
    <subfield code="a">Akita Daigaku.</subfield>
    <subfield code="b">Faculty of Education and Human Studies</subfield>
  </datafield>
  <datafield tag="410" ind1="2" ind2=" ">
    <subfield code="a">秋田大学.</subfield>
    <subfield code="b">敎育文化学部</subfield>
  </datafield>
  <datafield tag="410" ind1="2" ind2=" ">
    <subfield code="a">秋田大学.</subfield>
    <subfield code="b">教育文化学部</subfield>
  </datafield>
  <datafield tag="510" ind1="2" ind2=" ">
    <subfield code="w">a</subfield>
    <subfield code="a">Akita Daigaku.</subfield>
    <subfield code="b">Kyōiku Gakubu</subfield>
  </datafield>
  <datafield tag="667" ind1=" " ind2=" ">
    <subfield code="a">Machine-derived non-Latin script reference project.</subfield>
  </datafield>
  <datafield tag="667" ind1=" " ind2=" ">
    <subfield code="a">Non-Latin script references not evaluated.</subfield>
  </datafield>
  <datafield tag="670" ind1=" " ind2=" ">
    <subfield code="a">Akita Daigaku Kyōiku Bunka Gakubu kenkyū kiyō. Jinbun kagaku, shakai kagaku, 2003:</subfield>
    <subfield code="b">p. 4 of cover (Faculty of Education and Human Studies, Akita University)</subfield>
  </datafield>
  <datafield tag="670" ind1=" " ind2=" ">
    <subfield code="a">Akita Daigaku WWW site, May 18, 2004</subfield>
    <subfield code="b">(under Kyōiku Bunka Gakubu: Kyōiku Bunka Gakubu, est. Oct. 4, Heisei 10, chg. from Kyōiku Gakubu)</subfield>
  </datafield>
</record>